@article{knuth65,
    author = {Knuth, Donald E.},
    journal = {Information and Control},
    keywords = {compiler, knuth},
    number = {6},
    pages = {607--639},
    posted-at = {2009-08-12 13:24:25},
    priority = {2},
    title = {On the translation of languages from left to right},
    url = {http://www.dc.uba.ar/materias/tl/2009/c1/practicas/Knuth-1965-TranslationofLanguages.pdf},
    volume = {8},
    year = {1965}
}

@article{13326,
 author = {Pennello, Thomas J.},
 title = {Very fast LR parsing},
 journal = {SIGPLAN Not.},
 volume = {21},
 number = {7},
 year = {1986},
 issn = {0362-1340},
 pages = {145--151},
 doi = {http://doi.acm.org/10.1145/13310.13326},
 publisher = {ACM},
 address = {New York, NY, USA},
 }

@article{362625,
 author = {DeRemer, Franklin L.},
 title = {Simple LR(k) grammars},
 journal = {Commun. ACM},
 volume = {14},
 number = {7},
 year = {1971},
 issn = {0001-0782},
 pages = {453--460},
 doi = {http://doi.acm.org/10.1145/362619.362625},
 publisher = {ACM},
 address = {New York, NY, USA},
 }

@article{47909,
 author = {Roberts, G. H.},
 title = {Recursive ascent: an LR analog to recursive descent},
 journal = {SIGPLAN Not.},
 volume = {23},
 number = {8},
 year = {1988},
 issn = {0362-1340},
 pages = {23--29},
 doi = {http://doi.acm.org/10.1145/47907.47909},
 publisher = {ACM},
 address = {New York, NY, USA},
 }

@article{770849,
 author = {Morell, Larry and Middleton, David},
 title = {Recursive-ascent parsing},
 journal = {J. Comput. Small Coll.},
 volume = {18},
 number = {6},
 year = {2003},
 issn = {1937-4771},
 pages = {186--201},
 publisher = {Consortium for Computing Sciences in Colleges},
 address = {, USA},
 }

@MISC{Thurston07,
    author = {Adrian Thurston and Supervisor James and R. Cordy and Supervisory Committee and Thomas R. Dean and Juergen Dingel},
    title = {Depth Area: Parsing Technology Depth Paper Topic: Generalized Parsing Techniques},
    year = {2007}
}

@ARTICLE{Parr95lland,
    author = {Terence J. Parr and Russell W. Quong},
    title = {LL and LR Translators Need k > 1 Lookahead},
    journal = {ACM SIGPLAN Notices},
    year = {1995},
    volume = {31},
    pages = {27--34}
}

@article{1146810,
 author = {Scott, Elizabeth and Johnstone, Adrian},
 title = {Right nulled GLR parsers},
 journal = {ACM Trans. Program. Lang. Syst.},
 volume = {28},
 number = {4},
 year = {2006},
 issn = {0164-0925},
 pages = {577--618},
 doi = {http://doi.acm.org/10.1145/1146809.1146810},
 publisher = {ACM},
 address = {New York, NY, USA},
 }

@INPROCEEDINGS{Mcpeak04elkhound:a,
    author = {Scott Mcpeak and George C. Necula},
    title = {Elkhound: A Fast, Practical GLR Parser Generator},
    booktitle = {},
    year = {2004},
    pages = {73--88}
}

@article{1287949,
 author = {Bertsch, E. and Nederhof, M. -J.},
 title = {Some observations on LR-like parsing with delayed reduction},
 journal = {Inf. Process. Lett.},
 volume = {104},
 number = {6},
 year = {2007},
 issn = {0020-0190},
 pages = {195--199},
 doi = {http://dx.doi.org/10.1016/j.ipl.2007.07.003},
 publisher = {Elsevier North-Holland, Inc.},
 address = {Amsterdam, The Netherlands, The Netherlands},
 }

@book{Marc80,
	author = "Marcus, M.P.",
	title = "A Theory of Syntactic Recognition for Natural Language",
	publisher = "MIT Press",
	year = 1980}

@inproceedings{991520,
 author = {Nozohoor-Farshi, R.},
 title = {On formalizations of Marcus' parser},
 booktitle = {Proceedings of the 11th coference on Computational linguistics},
 year = {1986},
 pages = {533--535},
 location = {Bonn, Germany},
 doi = {http://dx.doi.org/10.3115/991365.991520},
 publisher = {Association for Computational Linguistics},
 address = {Morristown, NJ, USA},
 }

@article{146993,
 author = {Leermakers, Ren\'{e}},
 title = {Recursive ascent parsing: from Earley to Marcus},
 journal = {Theor. Comput. Sci.},
 volume = {104},
 number = {2},
 year = {1992},
 issn = {0304-3975},
 pages = {299--312},
 doi = {http://dx.doi.org/10.1016/0304-3975(92)90127-2},
 publisher = {Elsevier Science Publishers Ltd.},
 address = {Essex, UK},
 }

@phdthesis{193241,
 author = {Parr, Terence John},
 title = {Obtaining practical variants of LL (K) and LR (K) for K greater than 1 by splitting the atomic K-tuple},
 year = {1993},
 order_no = {UMI Order No. GAX94-03766},
 publisher = {Purdue University},
 address = {West Lafayette, IN, USA},
 }

@inproceedings{727420,
 author = {Parr, Terence J. and Quong, Russell W.},
 title = {Adding Semantic and Syntactic Predicates To LL(k): pred-LL(k)},
 booktitle = {CC '94: Proceedings of the 5th International Conference on Compiler Construction},
 year = {1994},
 isbn = {3-540-57877-3},
 pages = {263--277},
 publisher = {Springer-Verlag},
 address = {London, UK},
 }

@inproceedings{DBLP:conf/wia/GalvezSF06,
  author    = {Jos{\'e} Fortes G{\'a}lvez and
               Sylvain Schmitz and
               Jacques Farr{\'e}},
  title     = {Shift-Resolve Parsing: Simple, Unbounded Lookahead, Linear
               Time},
  booktitle = {CIAA},
  year      = {2006},
  pages     = {253-264},
  ee        = {http://dx.doi.org/10.1007/11812128_24},
  crossref  = {DBLP:conf/wia/2006},
  bibsource = {DBLP, http://dblp.uni-trier.de}
}

@inproceedings{980564,
 author = {Tomita, Masaru},
 title = {LR parsers for natural languages},
 booktitle = {ACL-22: Proceedings of the 10th International Conference on Computational Linguistics  and 22nd annual meeting on Association for Computational Linguistics},
 year = {1984},
 pages = {354--357},
 location = {Stanford, California},
 doi = {http://dx.doi.org/10.3115/980431.980564},
 publisher = {Association for Computational Linguistics},
 address = {Morristown, NJ, USA},
 }

@inproceedings{1623625,
 author = {Tomita, Masaru},
 title = {An efficient context-free parsing algorithm for natural languages},
 booktitle = {IJCAI'85: Proceedings of the 9th international joint conference on Artificial intelligence},
 year = {1985},
 isbn = {0-934613-02-8, 978-0-934-61302-6},
 pages = {756--764},
 location = {Los Angeles, California},
 publisher = {Morgan Kaufmann Publishers Inc.},
 address = {San Francisco, CA, USA},
 }

@article{362035,
 author = {Earley, Jay},
 title = {An efficient context-free parsing algorithm},
 journal = {Commun. ACM},
 volume = {13},
 number = {2},
 year = {1970},
 issn = {0001-0782},
 pages = {94--102},
 doi = {http://doi.acm.org/10.1145/362007.362035},
 publisher = {ACM},
 address = {New York, NY, USA},
 }

